@article{holt2016exploring,
  title={Exploring and estimating the revenues and profits of participants in stolen data markets},
  author={Holt, Thomas J and Smirnova, Olga and Chua, Yi Ting},
  journal={Deviant Behavior},
  volume={37},
  number={4},
  pages={353--367},
  year={2016},
  publisher={Taylor \& Francis}
}

@misc{arkin2005software,
  title={Software penetration testing. IEEE Secur. Priv. 3 (1), 84--87 (2005)},
  author={Arkin, B and Stender, S and McGraw, G},
  year={2005}
}

@book{lyon2009nmap,
  title={Nmap network scanning: The official Nmap project guide to network discovery and security scanning},
  author={Lyon, Gordon Fyodor},
  year={2009},
  publisher={Insecure}
}

@article{thacker2006probabilistic,
  title={Probabilistic engineering analysis using the NESSUS software},
  author={Thacker, Ben H and Riha, David S and Fitch, Simeon HK and Huyse, Luc J and Pleming, Jason B},
  journal={Structural safety},
  volume={28},
  number={1-2},
  pages={83--107},
  year={2006},
  publisher={Elsevier}
}
@inproceedings{aksu2019first,
  title={A first look at the usability of openvas vulnerability scanner},
  author={Aksu, M Ugur and Altuncu, Enes and Bicakci, Kemal},
  booktitle={Workshop on usable security (USEC)},
  year={2019}
}

@inproceedings{holik2014effective,
  title={Effective penetration testing with Metasploit framework and methodologies},
  author={Holik, Filip and Horalek, Josef and Marik, Ondrej and Neradova, Sona and Zitta, Stanislav},
  booktitle={2014 IEEE 15th International Symposium on Computational Intelligence and Informatics (CINTI)},
  pages={237--242},
  year={2014},
  organization={IEEE}
}

@article{liu2020deep,
  title={Deep reinforcement learning for cybersecurity assessment of wind integrated power systems},
  author={Liu, Xiaorui and Ospina, Juan and Konstantinou, Charalambos},
  journal={IEEE Access},
  volume={8},
  pages={208378--208394},
  year={2020},
  publisher={IEEE}
}

@article{gibert2022enhancing,
  title={Enhancing the insertion of NOP instructions to obfuscate malware via deep reinforcement learning},
  author={Gibert, Daniel and Fredrikson, Matt and Mateu, Carles and Planes, Jordi and Le, Quan},
  journal={Computers \& Security},
  volume={113},
  pages={102543},
  year={2022},
  publisher={Elsevier}
}

@article{fang2019evading,
  title={Evading anti-malware engines with deep reinforcement learning},
  author={Fang, Zhiyang and Wang, Junfeng and Li, Boya and Wu, Siqi and Zhou, Yingjie and Huang, Haiying},
  journal={IEEE Access},
  volume={7},
  pages={48867--48879},
  year={2019},
  publisher={IEEE}
}

@article{adawadkar2022cyber,
  title={Cyber-security and reinforcement learningâ€”A brief survey},
  author={Adawadkar, Amrin Maria Khan and Kulkarni, Nilima},
  journal={Engineering Applications of Artificial Intelligence},
  volume={114},
  pages={105116},
  year={2022},
  publisher={Elsevier}
}

@inproceedings{hu2020automated,
  title={Automated penetration testing using deep reinforcement learning},
  author={Hu, Zhenguo and Beuran, Razvan and Tan, Yasuo},
  booktitle={2020 IEEE European Symposium on Security and Privacy Workshops (EuroS\&PW)},
  pages={2--10},
  year={2020},
  organization={IEEE}
}

@inproceedings{yousefi2018reinforcement,
  title={A reinforcement learning approach for attack graph analysis},
  author={Yousefi, Mehdi and Mtetwa, Nhamo and Zhang, Yan and Tianfield, Huaglory},
  booktitle={2018 17th IEEE International Conference On Trust, Security And Privacy In Computing And Communications/12th IEEE International Conference On Big Data Science And Engineering (TrustCom/BigDataSE)},
  pages={212--217},
  year={2018},
  organization={IEEE}
}

@article{maeda2021automating,
  title={Automating post-exploitation with deep reinforcement learning},
  author={Maeda, Ryusei and Mimura, Mamoru},
  journal={Computers \& Security},
  volume={100},
  pages={102108},
  year={2021},
  publisher={Elsevier}
}

@article{takaesu2018deepexploit,
  title={DeepExploit},
  author={Takaesu, Isao},
  journal={GitHub, February},
  volume={17},
  year={2018}
}

@article{takaesudeepexploit,
  title={Deepexploit (2019)},
  author={Takaesu, Isao},
  journal={URL \\ https://github.com/13o-bbrbbq/machine\_learning\_security},
  year={2019}
}

@inproceedings{mnih2016asynchronous,
  title={Asynchronous methods for deep reinforcement learning},
  author={Mnih, Volodymyr and Badia, Adria Puigdomenech and Mirza, Mehdi and Graves, Alex and Lillicrap, Timothy and Harley, Tim and Silver, David and Kavukcuoglu, Koray},
  booktitle={International conference on machine learning},
  pages={1928--1937},
  year={2016},
  organization={PMLR}
}

@book{engebretson2013basics,
  title={The basics of hacking and penetration testing: ethical hacking and penetration testing made easy},
  author={Engebretson, Patrick},
  year={2013},
  publisher={Elsevier}
}
@article{nguyen1906deep,
  title={Deep reinforcement learning for cyber security. arXiv 2019},
  author={Nguyen, TT and Reddi, VJ},
  journal={arXiv preprint arXiv:1906.05799}
}

@inproceedings{levin1998using,
  title={Using Markov decision process for learning dialogue strategies},
  author={Levin, Esther and Pieraccini, Roberto and Eckert, Wieland},
  booktitle={Proceedings of the 1998 IEEE International Conference on Acoustics, Speech and Signal Processing, ICASSP'98 (Cat. No. 98CH36181)},
  volume={1},
  pages={201--204},
  year={1998},
  organization={IEEE}
}

@book{lapan2018deep,
  title={Deep Reinforcement Learning Hands-On: Apply modern RL methods, with deep Q-networks, value iteration, policy gradients, TRPO, AlphaGo Zero and more},
  author={Lapan, Maxim},
  year={2018},
  publisher={Packt Publishing Ltd}
}

@book{heaton2008introduction,
  title={Introduction to neural networks with Java},
  author={Heaton, Jeff},
  year={2008},
  publisher={Heaton Research, Inc.}
}

@article{jabbar2015methods,
  title={Methods to avoid over-fitting and under-fitting in supervised machine learning (comparative study)},
  author={Jabbar, H and Khan, Rafiqul Zaman},
  journal={Computer Science, Communication and Instrumentation Devices},
  volume={70},
  number={10.3850},
  pages={978--981},
  year={2015},
  publisher={Res. Publ Singapore}
}

@article{ali2015next,
  title={Next generation M2M cellular networks: Challenges and practical considerations},
  author={Ali, Abdelmohsen and Hamouda, Walaa and Uysal, Murat},
  journal={IEEE Communications Magazine},
  volume={53},
  number={9},
  pages={18--24},
  year={2015},
  publisher={IEEE}
}

@online{number2022ourworld,
    title        = {Number of Internet User},
    author       = {Our World in Data},
    year         = 2022,
    url          = {https://ourworldindata.org/grapher/number-of-internet-users},
    urldate      = {2023-07-27},
    publisher={World Development Indicators - World Bank (2022.05.26); Gapminder (v6); UN, World Population Prospects (2022); HYDE (v3.2); Gapminder (Systema Globalis)}
}

@article{bygrave2010privacy,
  title={Privacy and data protection in an international perspective},
  author={Bygrave, Lee A},
  journal={Scandinavian studies in law},
  volume={56},
  number={8},
  pages={165--200},
  year={2010}
}

@article{sharif2022literature,
  title={A literature review of financial losses statistics for cyber security and future trend},
  author={Sharif, Md Haris Uddin and Mohammed, Mehmood Ali},
  journal={World Journal of Advanced Research and Reviews},
  volume={15},
  number={1},
  pages={138--156},
  year={2022},
  publisher={World Journal of Advanced Research and Reviews}
}


@article{kaelbling1996reinforcement,
  title={Reinforcement learning: A survey},
  author={Kaelbling, Leslie Pack and Littman, Michael L and Moore, Andrew W},
  journal={Journal of artificial intelligence research},
  volume={4},
  pages={237--285},
  year={1996}
}
